@article{jmlda16,
  author = {Чигринский, В. В. and Ефимов, Ю. С. and Матвеев, И. А.},
  title = {Быстрый алгоритм поиска границ зрачка и радужной оболочки глаза},
  journal = {Машинное обучение и анализ данных},
  volume = {2},
  number = {2},
  pages = {159--172},
  authorvak = {false},
  authorwos = {false},
  authorscopus = {false},
  authorother = {true},
  authorconf = {false},
  url = {https://elibrary.ru/item.asp?id=27701507},
  year = {2016},
  language = {russian}
}

@inproceedings{idp16_conf,
  author = {Чигринский, В. В. and Ефимов, Ю. С. and Матвеев, И. А.},
  title = {Быстрый алгоритм поиска границ зрачка и радужной оболочки глаза},
  booktitle = {Тезисы докладов 11-й международной конференции «Интеллектуализация обработки информации ИОИ-2016»},
  pages = {120--121},
  authorvak = {false},
  authorwos = {false},
  authorscopus = {false},
  authorother = {false},
  authorconf = {true},
  url = {https://elibrary.ru/item.asp?id=27408402},
  year = {2016},
  language = {russian}
}

@article{jmlda17,
  author = {Чигринский, В. В. and Матвеев, И. А.},
  title = {Исследование движения структуры радужной оболочки глаза методом оптического потока},
  journal = {Машинное обучение и анализ данных},
  volume = {3},
  number = {4},
  pages = {257--266},
  authorvak = {false},
  authorwos = {false},
  authorscopus = {false},
  authorother = {true},
  authorconf = {false},
  doi = {10.21469/22233792.3.4.04},
  url = {https://elibrary.ru/item.asp?id=32490537},
  year = {2017},
  language = {russian}
}

@article{mmpr17,
  author = {Чигринский, В. В. and Матвеев, И. А.},
  title = {Исследование движения структуры радужной оболочки глаза методом оптического потока},
  journal = {Математические методы распознавания образов},
  volume = {18},
  number = {1},
  pages = {108--109},
  authorvak = {false},
  authorwos = {false},
  authorscopus = {false},
  authorother = {true},
  authorconf = {false},
  url = {https://elibrary.ru/item.asp?id=32284803},
  year = {2017},
  language = {russian}
}

@inproceedings{mmpr17_conf,
  author = {Чигринский, В. В. and Матвеев, И. А.},
  title = {Исследование движения структуры радужной оболочки глаза методом оптического потока},
  booktitle = {Тезисы докладов 18-й всероссийской конференции с международным участиес «Математические методы распознавания образов ММРО-2017»},
  pages = {108--109},
  authorvak = {false},
  authorwos = {false},
  authorscopus = {false},
  authorother = {false},
  authorconf = {true},
  url = {https://elibrary.ru/item.asp?id=44630521},
  year = {2017},
  language = {russian}
}

@article{isprs17,
  author = {Chigrinskiy, V. V. and Matveev, I. A.},
  title = {Accuracy estimation of the optical flow methods in the iris structure motion analysis via controlled deformations},
  journal = {The International Archives of the Photogrammetry, Remote Sensing and Spatial Information Sciences},
  volume = {XLII-2},
  number = {W4},
  pages = {163--167},
  authorvak = {false},
  authorwos = {true},
  authorscopus = {true},
  authorother = {false},
  authorconf = {false},
  doi = {10.5194/isprs-archives-XLII-2-W4-163-2017},
  url = {https://doi.org/10.5194/isprs-archives-XLII-2-W4-163-2017},
  year = {2017},
  language = {english}
}

@article{reid_jcssy_rus,
  author = {Чигринский, В. В. and Матвеев, И. А.},
  title = {Оптимизация работы системы слежения, основанной на сети камер},
  journal = {Известия Российской академии наук. Теория и системы управления},
  number = {4},
  pages = {110--124},
  authorvak = {true},
  authorwos = {false},
  authorscopus = {false},
  authorother = {false},
  authorconf = {false},
  doi = {10.31857/S0002338820040125},
  url = {https://elibrary.ru/item.asp?id=42994943},
  year = {2020},
  language = {russian}
}

@article{reid_jcssy_eng,
  author = {Chigrinskii, V. V. and Matveev, I. A.},
  title = {Optimization of a tracking system based on a network of cameras},
  journal = {Journal of computer and systems sciences international},
  volume = {59},
  number = {4},
  pages = {583--597},
  authorvak = {false},
  authorwos = {true},
  authorscopus = {true},
  authorother = {false},
  authorconf = {false},
  doi = {10.1134/S1064230720040127},
  url = {https://elibrary.ru/item.asp?id=45321192},
  year = {2020},
  language = {english}
}