// KDD

@inproceedings{altun,
  author    = {Altun, Y. and Das, K. and Mielikäinen, T. and Malerba, D. and Stefanowski, J. and Read, J. and Žitnik, M. and Ceci, M. and Džeroski, S.},
  title     = {Machine Learning and Knowledge Discovery in Databases},
  booktitle = {European Conference on Machine Learning and Principles and Practice of Knowledge Discovery in Databases (ECML PKDD)},
  series    = {Lecture Notes in Computer Science},
  isbn      = {9783319712727},
  doi       = {10.1007/978-3-319-71273-4},
  year      = {2017},
  language  = {english}
}

@book{barber,
  author    = {Barber, D.},
  title     = {Bayesian Reasoning and Machine Learning},
  publisher = {Cambridge University Press},
  isbn      = {9780521518147},
  doi       = {10.1017/CBO9780511804779},
  url       = {https://doi.org/10.1017/CBO9780511804779},
  year      = {2012},
  language  = {english}
}

@article{franklin,
  author    = {Franklin, J.},
  title     = {The Elements of Statistical Learning: Data Mining, Inference and Prediction},
  journal   = {The Mathematical Intelligencer},
  volume    = {27},
  pages     = {83--85},
  issn      = {03436993},
  doi       = {10.1007/BF02985802},
  url       = {https://doi.org/10.1007/BF02985802},
  year      = {2005},
  language  = {english}
}

@article{fulkerson,
  author    = {Fulkerson, B.},
  title     = {Machine Learning, Neural and Statistical Classification},
  journal   = {Technometrics},
  volume    = {37},
  number    = {4},
  pages     = {459--459},
  issn      = {00401706},
  doi       = {10.1080/00401706.1995.10484383},
  url       = {https://doi.org/10.1080/00401706.1995.10484383},
  year      = {1995},
  language  = {english}
}

// BIT

@misc{law,
  title     = {Постановление Правительства Российской Федерации от 31.10.2009 № 879 «Об утверждении Положения о единицах величин, допускаемых к применению в Российской Федерации»},
  url       = {http://government.ru/docs/all/70112},
  language  = {russian}
}

@book{naur,
  author    = {Naur, P.}, 
  title     = {Concise Survey of Computer Methods},
  publisher = {Studentlitteratur},
  isbn      = {9144078811},
  url       = {http://www.naur.com/Conc.Surv.html},
  year      = {1974},
  language  = {english},
}

@article{shannon,
  author    = {Shannon, C. E.},
  title     = {A Mathematical Theory of Communication},
  journal   = {The Bell System Technical Journal},
  volume    = {27},
  number    = {4},
  pages     = {623--656},
  issn      = {00058580},
  doi       = {10.1002/j.1538-7305.1948.tb00917.x},
  url       = {https://doi.org/10.1002/j.1538-7305.1948.tb00917.x},
  year      = {1948},
  language  = {english}
}

@book{leibniz,
  author    = {Leibniz, G. W.},
  title     = {Die Mathematische Schriften},
  year      = {1863},
  publisher = {A. Asher},
  language  = {german}
}

// DS

@book{holland,
  author    = {Holland, J. H.},
  title     = {Adaptation in Natural and Artificial Systems: An Introductory Analysis with Applications to Biology, Control, and Artificial Intelligence},
  publisher = {MIT Press},
  isbn      = {9780262275552},
  doi       = {10.7551/mitpress/1090.001.0001},
  url       = {https://doi.org/10.7551/mitpress/1090.001.0001},
  year      = {1992},
  language  = {english}
}

@phdthesis{isachenko,
  author    = {Исаченко, Р. В.},
  title     = {Снижение размерности пространства в задачах декодирования сигналов},
  school    = {Московский Физико-Технический Институт (Национальный Исследовательский Университет)},
  year      = {2021},
  language  = {russian}
}

@article{cao,
  author    = {Cao, L.},
  title     = {Data Science: A Comprehensive Overview},
  journal   = {ACM Computing Surveys},
  volume    = {50},
  pages     = {1--42},
  doi       = {10.1145/3076253},
  url       = {https://doi.org/10.1145/3076253},
  year      = {2017},
  language  = {english}
}

// GENETIC ALGORITHMS

@article{baricelli57,
  author    = {Baricelli, N. A.},
  title     = {Symbiogenetic Evolution Processes Realised by Artificial Methods},
  journal   = {Methodos},
  volume    = {35},
  pages     = {143--182},
  year      = {1957},
  language  = {english}
}

@article{baricelli62,
  author    = {Baricelli, N. A.},
  title     = {Numerical Testing of Evolution Theories},
  journal   = {Acta Biotheor},
  volume    = {16},
  pages     = {69--98},
  doi       = {10.1007/BF01556771},
  url       = {https://doi.org/10.1007/BF01556771},
  year      = {1962},
  language  = {english}
}

@article{fraser1,
  author    = {Fraser, A.},
  title     = {Simulation of Genetic Systems by Automatic Digital Computers. I. Introduction},
  journal   = {Australian Journal of Biological Sciences},
  volume    = {10},
  number    = {4},
  pages     = {484--491},
  doi       = {10.1071/BI9570484},
  url       = {https://doi.org/10.1071/BI9570484},
  year      = {1957},
  language  = {english}
}

@article{fraser2,
  author    = {Fraser, A.},
  title     = {Simulation of Genetic Systems by Automatic Digital Computers. II. Effects of Linkage on Rates of Advance Under Selection},
  journal   = {Australian Journal of Biological Sciences},
  volume    = {10},
  number    = {4},
  pages     = {492--500},
  doi       = {10.1071/BI9570492},
  url       = {https://doi.org/10.1071/BI9570492},
  year      = {1957},
  language  = {english}
}

@phdthesis{dejong,
  author    = {De Jong, K. A.},
  title     = {An Analysis of the Behavior of a Class of Genetic Adaptive Systems},
  school    = {University of Michigan},
  year      = {1975},
  language  = {english}
}

@article{khan,
  author    = {Khan, Awais and Wang, Yan and Khan, Sajjad and Khan, Irfan and Sajjad, Muhammad},
  title     = {Genetic algorithm-based optimization for power system operation: case study on a multi-bus network},
  journal   = {International Journal of Advances in Electrical Engineering},
  volume    = {5},
  number    = {1},
  pages     = {76-85},
  doi       = {10.22271/27084574.2024.v5.i1a.56},
  url       = {https://doi.org/10.22271/27084574.2024.v5.i1a.56},
  year      = {2024},
  language  = {english}
}

@article{alhijawi,
  author    = {Alhijawi, Bushra and Awajan, Arafat},
  title     = {Genetic algorithms: theory, genetic operators, solutions, and applications},
  journal   = {Evolutionary Intelligence},
  volume    = {17},
  number    = {3},
  pages     = {1245--1256},
  issn      = {1864-5917},
  doi       = {10.1007/s12065-023-00822-6},
  url       = {https://doi.org/10.1007/s12065-023-00822-6},
  year      = {2024},
  language  = {english}
}

@article{katoch,
  author    = {Katoch, Sourabh and Chauhan, Sumit Singh and Kumar, Vijay},
  title     = {A review on genetic algorithm: past, present, and future},
  journal   = {Multimedia Tools and Applications},
  volume    = {80},
  number    = {5},
  pages     = {8091--8126},
  issn      = {1573-7721},
  doi       = {10.1007/s11042-020-10139-6},
  url       = {https://doi.org/10.1007/s11042-020-10139-6},
  year      = {2021},
  language  = {english}
}

@inbook{whitley,
  author    = {Whitley, D. and Sutton, A. M.},
  title     = {Genetic Algorithms~---~A Survey of Models and Methods},
  editor    = {Rozenberg, G.},
  booktitle = {Handbook of Natural Computing},
  pages     = {637--671},
  publisher = {Springer},
  isbn      = {9783540929109},
  doi       = {10.1007/978-3-540-92910-9_21},
  url       = {https://doi.org/10.1007/978-3-540-92910-9_21},
  year      = {2012},
  language  = {english}
}

// PREDICTIVE ML

@inproceedings{manasa,
  author    = {Manasa, N and Praveenraj, David Winster and Lakshmi, S. R.},
  title     = {Predictive Analytics for Stock Market Trends using Machine Learning},
  booktitle = {2023 4th International Conference on Computation, Automation and Knowledge Management (ICCAKM)},
  pages     = {1-8},
  doi       = {10.1109/ICCAKM58659.2023.10449528},
  url       = {https://doi.org/10.1109/ICCAKM58659.2023.10449528},
  year      = {2023},
  language  = {english}
}

@article{sharma,
  author    = {Sharma, Alok and Lysenko, Artem and Jia, Shangru and Boroevich, Keith A. and Tsunoda, Tatsuhiko},
  title     = {Advances in AI and machine learning for predictive medicine},
  journal   = {Journal of Human Genetics},
  issn      = {1435-232X},
  doi       = {10.1038/s10038-024-01231-y},
  url       = {https://doi.org/10.1038/s10038-024-01231-y},
  year      = {2024},
  language  = {english}
}

@article{sghir,
  author    = {Sghir, Nabila and Adadi, Amina and Lahmer, Mohammed},
  title     = {Recent advances in Predictive Learning Analytics: A decade systematic review (2012--2022)},
  journal   = {Education and Information Technologies},
  volume    = {28},
  number    = {7},
  pages     = {8299--8333},
  issn      = {1573-7608},
  doi       = {10.1007/s10639-022-11536-0},
  url       = {https://doi.org/10.1007/s10639-022-11536-0},
  year      = {2023},
  language  = {english}
}

@book{vjugin,
  author    = {Вьюгин, В. В.},
  title     = {Математические основы машинного обучения и прогнозирования},
  publisher = {МЦНМО},
  isbn      = {9785443920146},
  year      = {2014},
  language  = {russian}
}

// PATTERN RECOGNITION

@book{braga-neto,
  author    = {Braga-Neto, Ulisses},
  title     = {Fundamentals of Pattern Recognition and Machine Learning},
  edition   = {1},
  publisher = {Springer Cham},
  doi       = {10.1007/978-3-030-27656-0},
  url       = {https://doi.org/10.1007/978-3-030-27656-0},
  year      = {2020},
  language  = {english}
}

@book{fieguth,
  author    = {Fieguth, Paul},
  title     = {An Introduction to Pattern Recognition and Machine Learning},
  edition   = {1},
  publisher = {Springer Cham},
  doi       = {10.1007/978-3-030-95995-1},
  url       = {https://doi.org/10.1007/978-3-030-95995-1},
  year      = {2022},
  language  = {english}
}

@article{singh,
  author    = {Singh, Chetanpal},
  title     = {Machine Learning in Pattern Recognition},
  journal   = {European Journal of Engineering and Technology Research},
  volume    = {8},
  number    = {2},
  pages     = {63–68},
  doi       = {10.24018/ejeng.2023.8.2.3025},
  url       = {http://doi.org/10.24018/ejeng.2023.8.2.3025},
  year      = {2023},
  language  = {english}
}

@book{bishop,
  author    = {Bishop, C. M.},
  title     = {Pattern Recognition and Machine Learning},
  edition   = {5},
  publisher = {Springer},
  isbn      = {9780387310732},
  year      = {2007},
  language  = {english}
}

// ML

@book{joshi,
  author    = {Joshi, A. V.},
  title     = {Machine Learning and Artificial Intelligence},
  publisher = {Springer},
  edition   = {2},
  isbn      = {9783031122811},
  doi       = {10.1007/978-3-031-12282-8},
  url       = {https://doi.org/10.1007/978-3-031-12282-8},
  year      = {2023},
  language  = {english}
}

@book{brink,
  author    = {Brink, H. and Richards, J. and Fetherolf, M.},
  title     = {Real-World Machine Learning},
  publisher = {Manning Publications},
  isbn      = {9781617291920},
  year      = {2016},
  language  = {english}
}

@misc{vorontsov,
  author    = {Воронцов, К. В.},
  title     = {Математические методы обучения по прецедентам},
  url       = {http://www.machinelearning.ru},
  language  = {russian}
}

@book{wolf,
  author    = {Wolf, A.},
  title     = {Machine Learning Simplified: A Gentle Introduction to Supervised Learning},
  publisher = {THEMLSBOOK.COM},
  year      = {2022},
  language  = {english}
}

@book{muller,
  author    = {Müller, A. C. and Guido, S.},
  title     = {Introduction to Machine Learning with Python: A Guide for Data Scientists},
  publisher = {O’Reilly Media, Inc.},
  isbn      = {9781491917213},
  year      = {2016},
  language  = {english}
}

@article{sarkerml,
  author    = {Sarker, Iqbal H.},
  title     = {Machine Learning: Algorithms, Real-World Applications and Research Directions},
  journal   = {SN Computer Science},
  volume    = {2},
  number    = {3},
  issn      = {2661-8907},
  doi       = {10.1007/s42979-021-00592-x},
  url       = {https://doi.org/10.1007/s42979-021-00592-x},
  year      = {2021},
  language  = {english}
}

// SYMBOLIC NLP

@inproceedings{aithal,
  author    = {Aithal, Shivani G and Rao, Abishek B and B, Chandrakala C and Singh, Sanjay},
  title     = {Application of Neuro-Symbolic Reasoning in Natural Language Processing}, 
  booktitle = {2022 IEEE 6th Conference on Information and Communication Technology (CICT)}, 
  pages     = {1-5},
  doi       = {10.1109/CICT56698.2022.9997814},
  url       = {http://doi.org/10.1109/CICT56698.2022.9997814},
  year      = {2022},
  language  = {english}
}

@article{liuz,
  author    = {Liu, Zhixuan and Wang, Zihao and Lin, Yuan and Li, Hang},
  title     = {A Neural-Symbolic Approach to Natural Language Understanding}, 
  journal   = {ArXiv},
  doi       = {10.48550/arXiv.2203.10557},
  url       = {http://doi.org/10.48550/arXiv.2203.10557},
  year      = {2022},
  language  = {english}
}

@article{hamilton,
  author    = {Hamilton, Kyle and Nayak, Aparna and Bo{\v z}i{\'c}, Bojan and Longo, Luca},
  title     = {Is neuro-symbolic AI meeting its promises in natural language processing? A~structured review},
  journal   = {Semantic Web},
  volume    = {Preprint},
  pages     = {1--42},
  publisher = {IOS Press},
  issn      = {2210-4968},
  doi       = {10.3233/SW-223228},
  url       = {http://doi.org/10.3233/SW-223228},
  year      = {2022},
  language  = {english}
}

// EXPERT SYSTEMS

@article{luo,
  author    = {Luo, Xiaochun and Li, Heng and Lee, SangHyun},
  title     = {Bridging the gap: Neuro-Symbolic Computing for advanced AI applications in construction},
  journal   = {Frontiers of Engineering Management},
  volume    = {10},
  number    = {4},
  pages     = {727--735},
  issn      = {2096-0255},
  doi       = {10.1007/s42524-023-0266-0},
  url       = {https://doi.org/10.1007/s42524-023-0266-0},
  year      = {2023},
  language  = {english}
}

@inproceedings{belle,
  author    = {Belle, Vaishak and Fisher, Michael and Russo, Alessandra and Komendantskaya, Ekaterina and Nottle, Alistair},
  title     = {Neuro-Symbolic AI + Agent Systems: A First Reflection on Trends, Opportunities and Challenges},
  booktitle = {Autonomous Agents and Multiagent Systems. Best and Visionary Papers},
  pages     = {180--200},
  publisher = {Springer Nature Switzerland},
  isbn      = {978-3-031-56255-6},
  year      = {2024},
  language  = {english}
}

@article{calegari,
  author    = {Calegari, Roberta and Ciatto, Giovanni and Denti, Enrico and Omicini, Andrea},
  title     = {Logic-Based Technologies for Intelligent Systems: State of the Art and Perspectives},
  journal   = {Information},
  volume    = {11},
  number    = {3},
  issn      = {2078-2489},
  doi       = {10.3390/info11030167},
  url       = {http://doi.org/10.3390/info11030167},
  year      = {2020},
  language  = {english}
}

// CONSCIOUSNESS AI

@article{butlin,
  author    = {Patrick Butlin and Robert Long and Eric Elmoznino and Yoshua Bengio and Jonathan C. P. Birch and Axel Constant and George Deane and Stephen M. Fleming and Chris D. Frith and Xuanxiu Ji and Ryota Kanai and Colin Klein and Grace W. Lindsay and Matthias Michel and Liad Mudrik and Megan A. K. Peters and Eric Schwitzgebel and Jonathan Simon and Rufin VanRullen},
  title     = {Consciousness in Artificial Intelligence: Insights from the Science of Consciousness},
  journal   = {ArXiv},
  doi       = {10.48550/arXiv.2308.08708},
  url       = {http://doi.org/10.48550/arXiv.2308.08708},
  year      = {2023},
  language  = {english}
}

@article{li,
  author    = {Li, Jiayu  and Ma, Weizhi  and Zhang, Min  and Wang, Pengyu  and Liu, Yiqun  and Ma, Shaoping },
  title     = {Know Yourself: Physical and Psychological Self-Awareness With Lifelog},
  journal   = {Frontiers in Digital Health},
  volume    = {3},
  issn      = {2673-253X},
  doi       = {10.3389/fdgth.2021.676824},
  url       = {http://doi.org/10.3389/fdgth.2021.676824},
  year      = {2021},
  language  = {english}
}

@article{chella,
  author    = {Chella, Antonio},
  title     = {Artificial consciousness: the missing ingredient for ethical AI?},
  journal   = {Frontiers in Robotics and AI},
  volume    = {10},
  issn      = {2296-9144},
  doi       = {10.3389/frobt.2023.1270460},
  url       = {http://doi.org/10.3389/frobt.2023.1270460},
  year      = {2023},
  language  = {english}
}

// THEORY OF MIND

@article{williams,
  author    = {Williams, Jessica  and Fiore, Stephen M.  and Jentsch, Florian },
  title     = {Supporting Artificial Social Intelligence With Theory of Mind},
  journal   = {Frontiers in Artificial Intelligence},
  volume    = {5},
  issn      = {2624-8212},
  doi       = {10.3389/frai.2022.750763},
  url       = {http://doi.org/10.3389/frai.2022.750763},
  year      = {2022},
  language  = {english}
}

@article{cuzzolin,
  author    = {Cuzzolin, F. and Morelli, A. and Cîrstea, B. and Sahakian, B. J.},
  title     = {Knowing me, knowing you: theory of mind in AI},
  journal   = {Psychological Medicine},
  volume    = {50},
  number    = {7},
  pages     = {1057–1061},
  doi       = {10.1017/S0033291720000835},
  url       = {http://doi.org/10.1017/S0033291720000835},
  year      = {2020},
  language  = {english}
}

// LIMITED MEMORY SYSTEMS: SELF-DRIVING VEHICLES

@book{liy,
  author    = {Li, Y. and Shi, H.},
  title     = {Advanced Driver Assistance Systems and Autonomous Vehicles},
  publisher = {Springer},
  isbn      = {9789811950520},
  doi       = {10.1007/978-981-19-5053-7},
  url       = {https://doi.org/10.1007/978-981-19-5053-7},
  year      = {2022},
  language  = {english}
}

@article{mahmoud,
  author    = {Mahmoud, Sara  and Billing, Erik  and Svensson, Henrik  and Thill, Serge },
  title     = {How to train a self-driving vehicle: On the added value (or lack thereof) of curriculum learning and replay buffers},
  journal   = {Frontiers in Artificial Intelligence},
  volume    = {6},
  issn      = {2624-8212},
  doi       = {10.3389/frai.2023.1098982},
  url       = {http://doi.org/10.3389/frai.2023.1098982},
  year      = {2023},
  language  = {english}
}

@article{padmaja,
  author    = {Padmaja, B. and Moorthy, CH. V. K. N. S. N. and Venkateswarulu, N. and Bala, Myneni Madhu},
  title     = {Exploration of issues, challenges and latest developments in autonomous cars},
  journal   = {Journal of Big Data},
  volume    = {10},
  number    = {1},
  issn      = {2196-1115},
  doi       = {10.1186/s40537-023-00701-y},
  url       = {https://doi.org/10.1186/s40537-023-00701-y},
  year      = {2023},
  language  = {english}
}

@article{lai,
  author    = {Lai, Zhihui and Br{\"a}unl, Thomas},
  title     = {End-to-End Learning with Memory Models for Complex Autonomous Driving Tasks in Indoor Environments},
  journal   = {Journal of Intelligent \& Robotic Systems},
  volume    = {107},
  number    = {3},
  pages     = {37},
  issn      = {1573-0409},
  doi       = {10.1007/s10846-022-01801-2},
  url       = {https://doi.org/10.1007/s10846-022-01801-2},
  year      = {2023},
  language  = {english}
}

// REACTIVE MACHINES: DEEP BLUE

@article{newborn,
  author    = {Newborn, Monty},
  title     = {Deep Blue's contribution to AI},
  journal   = {Annals of Mathematics and Artificial Intelligence},
  volume    = {28},
  number    = {1},
  pages     = {27--30},
  issn      = {1573-7470},
  doi       = {10.1023/A:1018939819265},
  url       = {https://doi.org/10.1023/A:1018939819265},
  year      = {2000},
  language  = {english}
}

// STRONG AI

@article{hoffmann,
  author    = {Hoffmann, Christian Hugo},
  title     = {A philosophical view on singularity and strong AI},
  journal   = {AI \& SOCIETY},
  volume    = {38},
  number    = {4},
  pages     = {1697--1714},
  issn      = {1435-5655},
  doi       = {10.1007/s00146-021-01327-5},
  url       = {https://doi.org/10.1007/s00146-021-01327-5},
  year      = {2023},
  language  = {english}
}

@article{butz,
  author    = {Butz, Martin V.},
  title     = {Towards Strong AI},
  journal   = {KI - K{\"u}nstliche Intelligenz},
  volume    = {35},
  number    = {1},
  pages     = {91--101},
  issn      = {1610-1987},
  doi       = {10.1007/s13218-021-00705-x},
  url       = {https://doi.org/10.1007/s13218-021-00705-x},
  year      = {2021},
  language  = {english}
}

@article{buttazzo,
  author    = {Buttazzo, Giorgio},
  title     = {Rise of artificial general intelligence: risks and opportunities},
  journal   = {Frontiers in Artificial Intelligence},
  volume    = {6},
  issn      = {2624-8212},
  doi       = {10.3389/frai.2023.1226990},
  url       = {http://doi.org/10.3389/frai.2023.1226990},
  year      = {2023},
  language  = {english}
}

// RECSYS

@article{zhang,
  author    = {Zhang, Qian and Lu, Jie and Jin, Yaochu},
  title     = {Artificial intelligence in recommender systems},
  journal   = {Complex \& Intelligent Systems},
  volume    = {7},
  number    = {1},
  pages     = {439--457},
  issn      = {2198-6053},
  doi       = {10.1007/s40747-020-00212-w},
  url       = {https://doi.org/10.1007/s40747-020-00212-w},
  year      = {2021},
  language  = {english}
}

@article{roy,
  author    = {Roy, Deepjyoti and Dutta, Mala},
  title     = {A systematic review and research perspective on recommender systems},
  journal   = {Journal of Big Data},
  volume    = {9},
  number    = {1},
  issn      = {2196-1115},
  doi       = {10.1186/s40537-022-00592-5},
  url       = {https://doi.org/10.1186/s40537-022-00592-5},
  year      = {2022},
  language  = {english}
}

@article{azeroual,
  author    = {Azeroual, Otmane and Koltay, Tibor},
  title     = {RecSys Pertaining to Research Information with Collaborative Filtering Methods: Characteristics and Challenges},
  journal   = {Publications},
  volume    = {10},
  number    = {2},
  issn      = {2304-6775},
  doi       = {10.3390/publications10020017},
  url       = {http://doi.org/10.3390/publications10020017},
  year      = {2022},
  language  = {english}
}

// FACEREC

@article{adjabi,
  author    = {Adjabi, Insaf and Ouahabi, Abdeldjalil and Benzaoui, Amir and Taleb-Ahmed, Abdelmalik},
  title     = {Past, Present, and Future of Face Recognition: A Review},
  journal   = {Electronics},
  volume    = {9},
  year      = {2020},
  number    = {8},
  issn      = {2079-9292},
  doi       = {10.3390/electronics9081188},
  url       = {http://doi.org/10.3390/electronics9081188},
  language  = {english}
}

@article{ali,
  author    = {Ali, Waqar and Tian, Wenhong and Din, Salah Ud and Iradukunda, Desire and Khan, Abdullah Aman},
  title     = {Classical and modern face recognition approaches: a complete review},
  journal   = {Multimedia Tools and Applications},
  volume    = {80},
  number    = {3},
  pages     = {4825--4880},
  issn      = {1573-7721},
  doi       = {10.1007/s11042-020-09850-1},
  url       = {https://doi.org/10.1007/s11042-020-09850-1},
  year      = {2021},
  language  = {english}
}

@inproceedings{jha,
  author    = {Jha, Medha and Tiwari, Ananya and Himansh, Mudigonda and Manikandan, V. M.},
  title     = {Face Recognition: Recent Advancements and Research Challenges},
  booktitle = {2022 13th International Conference on Computing Communication and Networking Technologies (ICCCNT)},
  pages     = {1-6},
  doi       = {10.1109/ICCCNT54827.2022.9984308},
  url       = {http://doi.org/10.1109/ICCCNT54827.2022.9984308},
  year      = {2022},
  language  = {english}
}

// VOICE ASSISTANTS (ASR AND TTS)

@inproceedings{liu,
  author    = {Liu, Dawei and Wang, Longbiao and Li, Sheng and Li, Haoyu and Ding, Chenchen and Zhang, Ju and Dang, Jianwu},
  title     = {Exploring Effective Speech Representation via ASR for High-Quality End-to-End Multispeaker TTS},
  booktitle = {Neural Information Processing},
  pages     = {110--118},
  doi       = {10.1007/978-3-030-92310-5_13},
  url       = {http://doi.org/10.1007/978-3-030-92310-5_13},
  year      = {2021},
  language  = {english}
}

@inproceedings{huang,
  author    = {Huang, Wen-Chin and Hayashi, Tomoki and Li, Xinjian and Watanabe, Shinji and Toda, Tomoki},
  title     = {On Prosody Modeling for ASR+TTS Based Voice Conversion},
  booktitle = {2021 IEEE Automatic Speech Recognition and Understanding Workshop (ASRU)},
  pages     = {642-649},
  doi       = {10.1109/ASRU51503.2021.9688010},
  url       = {http://doi.org/10.1109/ASRU51503.2021.9688010},
  year      = {2021},
  language  = {english}
}

@inproceedings{yang,
  author    = {Yang, Yifan and Shen, Feiyu and Du, Chenpeng and Ma, Ziyang and Yu, Kai and Povey, Daniel and Chen, Xie},
  title     = {Towards Universal Speech Discrete Tokens: A Case Study for ASR and TTS}, 
  booktitle = {ICASSP 2024 - 2024 IEEE International Conference on Acoustics, Speech and Signal Processing (ICASSP)}, 
  pages     = {10401-10405},
  doi       = {10.1109/ICASSP48485.2024.10447751},
  url       = {http://doi.org/10.1109/ICASSP48485.2024.10447751},
  year      = {2024},
  language  = {english}
}

// AI CLASSIFICATION

@book{russell,
  author    = {Russell, Stuart and Norvig, Peter},
  title     = {Artificial Intelligence: A Modern Approach},
  publisher = {Prentice Hall},
  edition   = {4th},
  isbn      = {978-0134610993},
  year      = {2020},
  language  = {english}
}

// ART

@article{watiktinnakorn,
  author    = {Watiktinnakorn, Chawinthorn and Seesai, Jirawat and Kerdvibulvech, Chutisant},
  title     = {Blurring the lines: how AI is redefining artistic ownership and copyright},
  journal   = {Discover Artificial Intelligence},
  volume    = {3},
  number    = {1},
  issn      = {2731-0809},
  doi       = {10.1007/s44163-023-00088-y},
  url       = {https://doi.org/10.1007/s44163-023-00088-y},
  year      = {2023},
  language  = {english}
}

@article{oksanen,
  author    = {Oksanen, Atte and Cvetkovic, Anica and Akin, Nalan and Latikka, Rita and Bergdahl, Jenna and Chen, Yang and Savela, Nina},
  title     = {Artificial intelligence in fine arts: A systematic review of empirical research},
  journal   = {Computers in Human Behavior: Artificial Humans},
  volume    = {1},
  number    = {2},
  issn      = {2949-8821},
  doi       = {10.1016/j.chbah.2023.100004},
  url       = {https://doi.org/10.1016/j.chbah.2023.100004},
  year      = {2023},
  language  = {english}
}

@article{zhou,
  author    = {Zhou, Eric and Lee, Dokyun},
  title     = {Generative artificial intelligence, human creativity, and art},
  journal   = {PNAS Nexus},
  volume    = {3},
  number    = {3},
  issn      = {2752-6542},
  doi       = {10.1093/pnasnexus/pgae052},
  url       = {https://doi.org/10.1093/pnasnexus/pgae052},
  year      = {2024},
  language  = {english}
}

// 3D

@article{ham,
  author    = {Ham, H. and Wesley, J. and Hendra, H.},
  title     = {Computer Vision Based 3D Reconstruction: A Review},
  journal   = {International Journal of Electrical and Computer Engineering (IJECE)},
  volume    = {9},
  number    = {4},
  pages     = {2394--2402},
  issn      = {2088-8708},
  doi       = {10.11591/ijece.v9i4.pp2394-2402},
  url       = {https://doi.org/10.11591/ijece.v9i4.pp2394-2402},
  year      = {2019},
  language  = {english}
}

@article{petsiuk,
  author    = {Petsiuk, A. and Pearce, J. M.},
  title     = {Open Source Computer Vision Based Layer Wise 3D Printing Analysis},
  journal   = {Additive Manufacturing},
  volume    = {36},
  number    = {1},
  pages     = {101473--101502},
  issn      = {22148604},
  doi       = {10.1016/j.addma.2020.101473},
  url       = {https://doi.org/10.1016/j.addma.2020.101473},
  year      = {2020},
  language  = {english}
}

// NLP

@article{alqahtani,
  author    = {Tariq Alqahtani and Hisham A. Badreldin and Mohammed Alrashed and Abdulrahman I. Alshaya and Sahar S. Alghamdi and Khalid {bin Saleh} and Shuroug A. Alowais and Omar A. Alshaya and Ishrat Rahman and Majed S. {Al Yami} and Abdulkareem M. Albekairy},
  title     = {The emergent role of artificial intelligence, natural learning processing, and large language models in higher education and research},
  journal   = {Research in Social and Administrative Pharmacy},
  volume    = {19},
  number    = {8},
  pages     = {1236-1242},
  issn      = {1551-7411},
  doi       = {10.1016/j.sapharm.2023.05.016},
  url       = {https://doi.org/10.1016/j.sapharm.2023.05.016},
  year      = {2023},
  language  = {english}
}

@article{khurana,
  author    = {Khurana, Diksha and Koli, Aditya and Khatter, Kiran and Singh, Sukhdev},
  title     = {Natural language processing: state of the art, current trends and challenges},
  journal   = {Multimedia Tools and Applications},
  volume    = {82},
  number    = {3},
  pages     = {3713--3744},
  issn      = {1573-7721},
  doi       = {10.1007/s11042-022-13428-4},
  url       = {https://doi.org/10.1007/s11042-022-13428-4},
  year      = {2023},
  language  = {english}
}

@article{zubiaga,
  author    = {Zubiaga, Arkaitz},
  title     = {Natural language processing in the era of large language models},
  journal   = {Frontiers in Artificial Intelligence},
  volume    = {6},
  issn      = {2624-8212},
  doi       = {10.3389/frai.2023.1350306},
  url       = {http://doi.org/10.3389/frai.2023.1350306},
  year      = {2024},
  language  = {english}
}

// CYBERSECURITY

@article{polito,
  author    = {Carolina Polito and Lorenzo Pupillo},
  title     = {Artificial Intelligence and Cybersecurity},
  journal   = {Intereconomics},
  volume    = {59},
  number    = {1},
  pages     = {10--13},
  doi       = {10.2478/ie-2024-0004},
  url       = {https://doi.org/10.2478/ie-2024-0004},
  year      = {2024},
  language  = {english}
}

@article{ramanpreet,
  author    = {Ramanpreet Kaur and Dušan Gabrijelčič and Tomaž Klobučar},
  title     = {Artificial intelligence for cybersecurity: Literature review and future research directions},
  journal   = {Information Fusion},
  volume    = {97},
  issn      = {1566-2535},
  doi       = {10.1016/j.inffus.2023.101804},
  url       = {https://doi.org/10.1016/j.inffus.2023.101804},
  year      = {2023},
  language  = {english}
}

@article{malatji,
  author    = {Malatji, Masike and Tolah, Alaa},
  title     = {Artificial intelligence (AI) cybersecurity dimensions: a comprehensive framework for understanding adversarial and offensive AI},
  journal   = {AI and Ethics},
  issn      = {2730-5961},
  doi       = {10.1007/s43681-024-00427-4},
  url       = {https://doi.org/10.1007/s43681-024-00427-4},
  year      = {2024},
  language  = {english}
}

// SMART CITIES

@inproceedings{fekriershad,
  author    = {Fekri-Ershad, S.},
  title     = {Computer Vision in Smart City},
  booktitle = {International Festival on Automation and Computer},
  address   = {Isfahan, Iran},
  doi       = {10.13140/RG.2.2.10329.06249},
  url       = {https://doi.org/10.13140/RG.2.2.10329.06249},
  year      = {2019},
  language  = {english}
}

@article{zamponi,
  author    = {Zamponi, Maria Enrica and Barbierato, Enrico},
  title     = {The Dual Role of Artificial Intelligence in Developing Smart Cities},
  journal   = {Smart Cities},
  volume    = {5},
  number    = {2},
  pages     = {728--755},
  issn      = {2624-6511},
  doi       = {10.3390/smartcities5020038},
  url       = {http://doi.org/10.3390/smartcities5020038},
  year      = {2022},
  language  = {english}
}

@article{podda,
  author    = {Podda, Alessandro Sebastian and Carta, Salvatore and Barra, Silvio},
  title     = {Artificial Intelligence Methods for Smart Cities},
  journal   = {Sensors},
  volume    = {24},
  number    = {8},
  issn      = {1424-8220},
  doi       = {10.3390/s24082615},
  url       = {http://doi.org/10.3390/s24082615},
  year      = {2024},
  language  = {english}
}

@article{wolniak,
  author    = {Wolniak, Radosław and Stecuła, Kinga},
  title     = {Artificial Intelligence in Smart Cities—Applications, Barriers, and Future Directions: A Review},
  journal   = {Smart Cities},
  volume    = {7},
  number    = {3},
  pages     = {1346--1389},
  issn      = {2624-6511},
  doi       = {10.3390/smartcities7030057},
  url       = {http://doi.org/10.3390/smartcities7030057},
  year      = {2024},
  language  = {english}
}

// RETAIL AND E-COMMERCE

@article{ziakis,
  author    = {Ziakis, Christos and Vlachopoulou, Maro},
  title     = {Artificial Intelligence in Digital Marketing: Insights from a Comprehensive Review},
  journal   = {Information},
  volume    = {14},
  number    = {12},
  issn      = {2078-2489},
  doi       = {10.3390/info14120664},
  url       = {http://doi.org/10.3390/info14120664},
  year      = {2023},
  language  = {english},
}

@article{goti,
  author    = {Goti, Aitor and Querejeta-Lomas, Leire and Almeida, Aitor and de la Puerta, José Gaviria and López-de-Ipiña, Diego},
  title     = {Artificial Intelligence in Business-to-Customer Fashion Retail: A Literature Review},
  journal   = {Mathematics},
  volume    = {11},
  number    = {13},
  issn      = {2227-7390},
  doi       = {10.3390/math11132943},
  url       = {http://doi.org/10.3390/math11132943},
  year      = {2023},
  language  = {english}
}

@article{bawack,
  author    = {Bawack, Ransome Epie and Wamba, Samuel Fosso and Carillo, Kevin Daniel Andr{\'e} and Akter, Shahriar},
  title     = {Artificial intelligence in E-Commerce: a bibliometric study and literature review},
  journal   = {Electronic Markets},
  volume    = {32},
  number    = {1},
  pages     = {297--338},
  issn      = {1422-8890},
  doi       = {10.1007/s12525-022-00537-z},
  url       = {http://doi.org/10.1007/s12525-022-00537-z},
  year      = {2022},
  language  = {english},
}

// AGRICULTURE

@article{wang,
  author    = {Wang, T. and Chen, B. and Zhang Z. and Li, H. and Zhang, M.},
  title     = {Applications of Machine Vision in Agricultural Robot Navigation: A Review},
  journal   = {Computers and Electronics in Agriculture},
  volume    = {198},
  number    = {8},
  pages     = {107085},
  year      = {2022},
  issn      = {01681699},
  doi       = {10.1016/j.compag.2022.107085},
  url       = {https://doi.org/10.1016/j.compag.2022.107085},
  language  = {english}
}

@article{padhiary,
  author    = {Padhiary, Mrutyunjay and Saha, Debapam and Kumar, Raushan and Sethi, Laxmi Narayan and Kumar, Avinash},
  title     = {Enhancing precision agriculture: A comprehensive review of machine learning and AI vision applications in all-terrain vehicle for farm automation},
  journal   = {Smart Agricultural Technology},
  volume    = {8},
  issn      = {2772-3755},
  doi       = {10.1016/j.atech.2024.100483},
  url       = {http://doi.org/10.1016/j.atech.2024.100483},
  year      = {2024},
  language  = {english}
}

@article{bhagat,
  author    = {Bhagat, P. R. and Naz, F. and Magda, R.}, 
  title     = {Artificial intelligence solutions enabling sustainable agriculture: A bibliometric analysis},
  journal   = {PLoS ONE},
  volume    = {17},
  number    = {6},
  doi       = {10.1371/journal.pone.0268989},
  url       = {http://doi.org/10.1371/journal.pone.0268989},
  year      = {2022},
  language  = {english}
}

@article{oliveira,
  author    = {Oliveira, Rosana Cavalcante de and Silva, Rogério Diogne de Souza e},
  title     = {Artificial Intelligence in Agriculture: Benefits, Challenges, and Trends},
  journal   = {Applied Sciences},
  volume    = {13},
  number    = {13},
  issn      = {2076-3417},
  doi       = {10.3390/app13137405},
  url       = {http://doi.org/10.3390/app13137405},
  year      = {2023},
  language  = {english}
}

// TRAFFIC FLOW

@book{loce,
  author    = {Loce, R. P. and Bala, R. and Trivedi, M.},
  title     = {Computer Vision and Imaging in Intelligent Transportation Systems},
  publisher = {John Wiley \& Sons, IEEE Press},
  isbn      = {9781118971604},
  doi       = {10.1002/9781118971666},
  url       = {https://doi.org/10.1002/9781118971666},
  year      = {2017},
  language  = {english}
}

@article{mushtaq,
  author    = {Mushtaq, Anum and Haq, Irfan Ul and Sarwar, Muhammad Azeem and Khan, Asifullah and Khalil, Wajeeha and Mughal, Muhammad Abid},
  title     = {Multi-Agent Reinforcement Learning for Traffic Flow Management of Autonomous Vehicles},
  journal   = {Sensors},
  volume    = {23},
  number    = {5},
  issn      = {1424-8220},
  doi       = {10.3390/s23052373},
  url       = {http://doi.org/10.3390/s23052373},
  year      = {2023},
  language  = {english}
}

@article{jiang, 
  author    = {Jiang, Jiawei and Han, Chengkai and Zhao, Wayne Xin and Wang, Jingyuan},
  title     = {PDFormer: Propagation Delay-Aware Dynamic Long-Range Transformer for Traffic Flow Prediction},
  journal   = {Proceedings of the AAAI Conference on Artificial Intelligence},
  volume    = {37},
  number    = {4},
  pages     = {4365-4373},
  doi       = {10.1609/aaai.v37i4.25556},
  url       = {http://doi.org/10.1609/aaai.v37i4.25556},
  year      = {2023},
  language  = {english}
}

@article{sayed,
  author    = {Sayed, Sayed A. and Abdel-Hamid, Yasser and Hefny, Hesham Ahmed},
  title     = {Artificial intelligence-based traffic flow prediction: a comprehensive review},
  journal   = {Journal of Electrical Systems and Information Technology},
  volume    = {10},
  number    = {1},
  pages     = {13},
  issn      = {2314-7172},
  doi       = {10.1186/s43067-023-00081-6},
  url       = {http://doi.org/10.1186/s43067-023-00081-6},
  year      = {2023},
  language  = {english}
}

// FINANCE

@article{shiyyab,
  author    = {Shiyyab, Fadi Shehab and Alzoubi, Abdallah Bader and Obidat, Qais Mohammad and Alshurafat, Hashem},
  title     = {The Impact of Artificial Intelligence Disclosure on Financial Performance},
  journal   = {International Journal of Financial Studies},
  volume    = {11},
  number    = {3},
  issn      = {2227-7072},
  doi       = {10.3390/ijfs11030115},
  url       = {http://doi.org/10.3390/ijfs11030115},
  year      = {2023},
  language  = {english}
}

@article{shabsigh,
  author    = {Ghiath Shabsigh and El Bachir Boukherouaa},
  title     = {Generative Artificial Intelligence in Finance},
  journal   = {Fintech Notes},
  publisher = {International Monetary Fund},
  volume    = {2023},
  number    = {6},
  isbn      = {9798400251092},
  doi       = {10.5089/9798400251092.063},
  url       = {http://doi.org/10.5089/9798400251092.063},
  year      = {2023},
  language  = {english}
}

@article{weber,
  author    = {Weber, Patrick and Carl, K. Valerie and Hinz, Oliver},
  title     = {Applications of Explainable Artificial Intelligence in Finance~---~a systematic review of Finance, Information Systems, and Computer Science literature},
  journal   = {Management Review Quarterly},
  volume    = {74},
  number    = {2},
  pages     = {867--907},
  issn      = {2198-1639},
  doi       = {10.1007/s11301-023-00320-0},
  url       = {http://doi.org/10.1007/s11301-023-00320-0},
  year      = {2024},
  language  = {english}
}

@article{bahoo,
  author    = {Bahoo, Salman and Cucculelli, Marco and Goga, Xhoana and Mondolo, Jasmine},
  title     = {Artificial intelligence in Finance: a comprehensive review through bibliometric and content analysis},
  journal   = {SN Business \& Economics},
  volume    = {4},
  number    = {2},
  pages     = {23},
  issn      = {2662-9399},
  doi       = {10.1007/s43546-023-00618-x},
  url       = {http://doi.org/10.1007/s43546-023-00618-x},
  year      = {2024},
  language  = {english}
}

// MILITARY

@article{elmokadem,
  author    = {Elmokadem, T. and Savkin, A. V.},
  title     = {Towards Fully Autonomous UAVs: A Survey},
  journal   = {Sensors},
  volume    = {21},
  number    = {18},
  pages     = {6223--6262},
  issn      = {1424-8220},
  doi       = {10.3390/s21186223},
  url       = {https://doi.org/10.3390/s21186223},
  year      = {2021},
  language  = {english}
}

@book{morgan,
  author    = {Morgan, Forrest E. and Boudreaux, Benjamin and Lohn, Andrew J. and Ashby, Mark and Curriden, Christian and Klima, Kelly and Grossman, Derek},
  title     = {Military Applications of Artificial Intelligence: Ethical Concerns in an Uncertain World},
  publisher = {RAND Corporation},
  doi       = {10.7249/RR3139-1},
  url       = {https://doi.org/10.7249/RR3139-1},
  year      = {2020},
  language  = {english}
}

// HEALTHCARE

@article{elyan,
  author    = {Elyan, E. and Vuttipittayamongkol, P. and Johnston, P. and Martin, K. and McPherson, K. and Moreno-García, C. F. and Jayne, C. and Sarker, M. K.},
  title     = {Computer Vision and Machine Learning for Medical Image Analysis: Recent Advances, Challenges, and Way Forward},
  journal   = {Artificial Intelligence Surgery},
  volume    = {2},
  number    = {1},
  pages     = {24--45},
  issn      = {2771-0408},
  doi       = {10.20517/ais.2021.15},
  url       = {https://doi.org/10.20517/ais.2021.15},
  year      = {2022},
  language  = {english}
}

@article{kitsios,
  author    = {Kitsios, Fotis and Kamariotou, Maria and Syngelakis, Aristomenis I. and Talias, Michael A.},
  title     = {Recent Advances of Artificial Intelligence in Healthcare: A Systematic Literature Review},
  journal   = {Applied Sciences},
  volume    = {13},
  number    = {13},
  issn      = {2076-3417},
  doi       = {10.3390/app13137479},
  url       = {http://doi.org/10.3390/app13137479},
  year      = {2023},
  language  = {english}
}

@article{awasthi,
  author    = {Awasthi, Raghav and Mishra, Shreya and Grasfield, Rachel and Maslinski, Julia and Mahapatra, Dwarikanath and Cywinski, Jacek B. and Khanna, Ashish K. and Maheshwari, Kamal and Dave, Chintan and Khare, Avneesh and Papay, Francis A. and Mathur, Piyush},
  title     = {Artificial Intelligence in Healthcare: 2023 Year in Review},
  journal   = {medRxiv},
  publisher = {Cold Spring Harbor Laboratory Press},
  doi       = {10.1101/2024.02.28.24303482},
  url       = {http://doi.org/10.1101/2024.02.28.24303482},
  year      = {2024},
  language  = {english}
}

@article{glicksberg,
  author    = {Glicksberg, Benjamin S. and Klang, Eyal},
  title     = {Unveiling Recent Trends in Biomedical Artificial Intelligence Research: Analysis of Top-Cited Papers},
  journal   = {Applied Sciences},
  volume    = {14},
  number    = {2},
  issn      = {2076-3417},
  doi       = {10.3390/app14020785},
  url       = {http://doi.org/10.3390/app14020785},
  year      = {2024},
  language  = {english}
}

// DL

@article{sharifani,
  author    = {Sharifani, Koosha and Amini, Mahyar},
  title     = {Machine Learning and Deep Learning: A Review of Methods and Applications},
  journal   = {World Information Technology and Engineering Journal},
  volume    = {10},
  number    = {7},
  pages     = {3897-3904},
  url       = {https://ssrn.com/abstract=4458723},
  year      = {2023},
  language  = {english}
}

@article{sarkerdl,
  author    = {Sarker, Iqbal H.},
  title     = {Deep Learning: A Comprehensive Overview on Techniques, Taxonomy, Applications and Research Directions},
  journal   = {SN Computer Science},
  volume    = {2},
  number    = {6},
  issn      = {2661-8907},
  doi       = {10.1007/s42979-021-00815-1},
  url       = {https://doi.org/10.1007/s42979-021-00815-1},
  year      = {2021},
  language  = {english}
}

@book{goodfellow,
  author    = {Goodfellow, I. and Bengio, Y. and Courville, A.},
  title     = {Deep Learning},
  publisher = {MIT Press},
  isbn      = {9780262035613},
  year      = {2016},
  language  = {english}
}

@book{trask,
  author    = {Trask, A.},
  title     = {Grokking Deep Learning},
  publisher = {Manning},
  isbn      = {9781617293702},
  year      = {2019},
  language  = {english}
}

@book{nikolenko,
  author    = {Николенко, С. and Кадурин, А. and Архангельская, Е.},
  title     = {Глубокое обучение. Погружение в мир нейронных сетей},
  publisher = {Издательский дом «Питер»},
  isbn      = {9785496025362},
  year      = {2017},
  language  = {russian}
}

@book{skansi,
  author    = {Skansi, S.},
  title     = {Introduction to Deep Learning: From Logical Calculus to Artificial Intelligence},
  publisher = {Springer},
  isbn      = {9783319730035},
  doi       = {10.1007/978-3-319-73004-2},
  url       = {https://doi.org/10.1007/978-3-319-73004-2},
  year      = {2018},
  language  = {english}
}

// PERCEPTRON

@book{rosenblatt,
  author    = {Rosenblatt, F.}, 
  title     = {The Perceptron: A Perceiving and Recognizing Automation},
  publisher = {Cornell Aeronautical Laboratory},
  year      = {1957},
  language  = {english}
}

// AI DEFINITIONS

@book{averkin,
  author    = {Аверкин, А. Н. and Гаазе-Рапопорт, М. Г. and Поспелов, Д. А.},
  title     = {Толковый словарь по искусственному интеллекту},
  address   = {М.},
  publisher = {Радио и связь},
  isbn      = {5-256-00605-3},
  year      = {1992},
  language  = {russian}
}

@book{osipov,
  editor    = {Осипов, Ю. С.},
  title     = {Большая Российская энциклопедия [в 35 т.]},
  address   = {М.},
  publisher = {Большая Российская энциклопедия},
  volume    = {11},
  isbn      = {978-5-85270-342-2},
  url       = {https://bigenc.ru/c/iskusstvennyi-intellekt-ac9fb0},
  year      = {2008},
  language  = {russian}
}

@book{collins,
  author    = {Collins~Dictionaries},
  title     = {Collins English Dictionary},
  address   = {Glasgow},
  publisher = {HarperCollins Publishers},
  edition   = {14th},
  isbn      = {978-0-00-851134-0},
  url       = {https://www.collinsdictionary.com/dictionary/english/artificial-intelligence},
  year      = {2023},
  language  = {english}
}


// ==================================================================================================================================

// OPTIMIZATION

@book{gasnikov,
    author      = {Гасников, А. В.},
    title       = {Современные численные методы оптимизации. Метод унивесального градиентного спуска: Учебное пособие},
    edition     = {2},
    publisher   = {МЦНМО},
    year        = {2021},
    isbn        = {9785443941998},
    language    = {russian}
}

@book{attetkov,
    author      = {Аттетков, А. В. and Галкин, С. В. and Зарубин, В. С.},
    title       = {Методы оптимизации},
    edition     = {2},
    publisher   = {Изд. МГТУ им. Баумана},
    year        = {2003},
    isbn        = {5703817706},
    language    = {russian}
}

@book{prokopenko,
    author      = {Прокопенко, Н. Ю.},
    title       = {Методы оптимизации: Учебное пособие},
    publisher   = {ННГАСУ},
    year        = {2018},
    isbn        = {9785528002873},
    language    = {russian}
}

@book{gill,
    author      = {Gill, P. E. and Murray, W. and Wright, M. H.},
    title       = {Practical Optimization},
    publisher   = {Academic Press},
    year        = {1981},
    isbn        = {0122839501},
    language    = {english}
}

@book{nocedal,
    author      = {Nocedal, J. and Wright, S. J.},
    title       = {Numerical Optimization},
    edition     = {2},
    publisher   = {Springer},
    year        = {2006},
    isbn        = {9780387303031},
    doi         = {10.1007/978-0-387-40065-5},
    language    = {english}
}

@book{boyd,
    author      = {Boyd, S. and Vandenberghe, L.},
    title       = {Convex Optimization},
    publisher   = {Cambridge University Press},
    year        = {2004},
    isbn        = {9780521833783},
    doi         = {10.1017/CBO9780511804441},
    language    = {english}
}

// CV

@book{jain,
    author      = {Jain, A. K.},
    title       = {Fundamentals of Digital Image Processing},
    publisher   = {Prentice Hall},
    year        = {1989},
    isbn        = {9780133361650},
    language    = {english}
}

@book{szeliski,
    author      = {Szeliski, R.},
    title       = {Computer Vision: Algorithms and Applications},
    edition     = {2},
    year        = {2022},
    publisher   = {Springer},
    language    = {english},
    isbn        = {9783030343712},
    doi         = {10.1007/978-3-030-34372-9},
}

@book{prince,
    author      = {Prince, Simon J. D.},
    title       = {Computer Vision: Models, Learning and Inference},
    year        = {2012},
    publisher   = {Cambridge University Press},
    language    = {english},
    isbn        = {9781107011793},
    doi         = {10.1017/CBO9780511996504},
}

@book{davies,
    author      = {Davies, E. R.},
    title       = {Computer Vision: Principles, Algorithms, Applications, Learning},
    edition     = {5},
    year        = {2018},
    publisher   = {Academic Press},
    language    = {english},
    isbn        = {9780128095751}
}

// DARWIN

@book{darwin,
    author      = {Darwin, C.},
    title       = {On the Origin of Species by Means of Natural Selection, or the Preservation of Favoured Races in the Struggle for Life},
    publisher   = {J. Murray},
    year        = {1859},
    language    = {english}
}

// CHEMISTRY

@article{avery,
    author      = {Avery, O. and MacLeod, C. and McCarty, M.},
    title       = {Studies on the Chemical Nature of the Substance Inducing Transformation of Pneumococcal Types: Induction of Transformation by a Desoxyribonucleic Acid Fraction Isolated from Pneumococcus Type III},
    journal     = {Journal of Experimental Medicine},
    year        = {1944},
    language    = {english}
}

@article{watson,
    author      = {Watson, J. and Crick, F.},
    title       = {Molecular Structure of Nucleic Acids: A Structure for Deoxyribose Nucleic Acid},
    journal     = {Nature},
    year        = {1953},
    volume      = {171},
    pages       = {737--738},
    issn        = {00280836},
    doi         = {10.1038/171737a0},
    language    = {english}
}

// OPTICS

@book{sivukhin,
    author      = {Сивухин, Д. В.},
    title       = {Общий курс физики. Учебное пособие: Для вузов. В 5 т. Т. IV. Оптика},
    edition     = {3},
    publisher   = {ФИЗМАТЛИТ},
    address     = {М.},
    year        = {2005},
    isbn        = {5922102281},
    language    = {russian}
}

@book{kirichenko,
    author      = {Кириченко, Н. А.},
    title       = {Принципы оптики: учебное пособие},
    publisher   = {МФТИ},
    address     = {М.},
    year        = {2016},
    isbn        = {9785741705964},
    language    = {russian}
}

@misc{ovchinkin,
    author      = {Овчинкин, В. А.},
    title       = {Оптика. Семинары},
    url         = {https://mipt.lectoriy.ru/course/Physics-Optics-13S}
}